@book{latex,
  title = {LaTeX : A Documentation Preparation System User's Guide and Reference Manual},
  publisher = {Addison-Wesley Professional},
  year = {1994},
  author = {Leslie Lamport}
}


@online{DockerWebsite,
  title = {Docker - Build, Ship, and Run Any App, Anywhere},
  year = 2018,
  url = {https://www.docker.com/},
  urldate = {2017-11-05}
}

@online{WeavenetWebsite,
  title = {Weave Net: Network Containers Across Environments},
  year = 2018,
  url = {https://www.weave.works/oss/net/},
  urldate = {2017-02-01}
}

@inproceedings{felter2015updated,
  title={An updated performance comparison of virtual machines and linux containers},
  author={Felter, Wes and Ferreira, Alexandre and Rajamony, Ram and Rubio, Juan},
  booktitle={Performance Analysis of Systems and Software (ISPASS), 2015 IEEE International Symposium On},
  pages={171--172},
  year={2015},
  organization={IEEE}
}

@inproceedings{morabito2015hypervisors,
  title={Hypervisors vs. lightweight virtualization: a performance comparison},
  author={Morabito, Roberto and Kj{\"a}llman, Jimmy and Komu, Miika},
  booktitle={Cloud Engineering (IC2E), 2015 IEEE International Conference on},
  pages={386--393},
  year={2015},
  organization={IEEE}
}

@inproceedings{berger2017containerized,
  title={Containerized Development and Microservices for Self-Driving Vehicles: Experiences \& Best Practices},
  author={Berger, Christian and Nguyen, Bj{\"o}rnborg and Benderius, Ola},
  booktitle={Software Architecture Workshops (ICSAW), 2017 IEEE International Conference on},
  pages={7--12},
  year={2017},
  organization={IEEE}
}

@inproceedings{schneider2016achieving,
  title={Achieving Cloud Scalability with Microservices and DevOps in the Connected Car Domain.},
  author={Schneider, Tobias and Wolfsmantel, A},
  booktitle={Software Engineering (Workshops)},
  pages={138--141},
  year={2016}
}

@article{kratzke2017microservices,
  title={About microservices, containers and their underestimated impact on network performance},
  author={Kratzke, Nane},
  journal={arXiv preprint arXiv:1710.04049},
  year={2017}
}


% TODO: get real reference
@book{tanenbaum2017distributed,
  title={Distributed Systems},
  subtitle={Principles and Paradigms},
  author={Tanenbaum, Andrew S and Van Steen, Maarten},
  year={2017},
  publisher={Maarten van Steen}
}

@book{tarkoma2010overlay,
  title={Overlay Networks: Toward Information Networking.},
  author={Tarkoma, Sasu},
  year={2010},
  publisher={CRC Press}
}

@article{bernstein1996middleware,
  title={Middleware: a model for distributed system services},
  author={Bernstein, Philip A},
  journal={Communications of the ACM},
  volume={39},
  number={2},
  pages={86--98},
  year={1996},
  publisher={ACM}
}

@techreport{dds-1.4-standard,
  type = {Standard},
  key = {DDS-1.4},
  month = apr,
  year = {2015},
  title = {Data Distribution Service (DDS)},
  note = {v1.4},
  institution = {Object Management Group (OMG)}
}

@techreport{rtps-2.2-standard,
  type = {Standard},
  key = {DDSI-RTPS-2.2},
  month = sep,
  year = {2014},
  title = {The Real-time Publish-Subscribe Protocol (RTPS) DDS Interoperability Wire Protocol Specification},
  note = {v2.2},
  institution = {Object Management Group (OMG)}
}

@techreport{Hürsch95separationof,
    author = {Walter L. Hürsch and Cristina Videira Lopes},
    title = {Separation of Concerns},
    institution = {},
    year = {1995}
}

